<?xml version="1.0" encoding="UTF-8"?><record xmlns="http://www.loc.gov/MARC21/slim" xmlns:cinclude="http://apache.org/cocoon/include/1.0" xmlns:zs="http://www.loc.gov/zing/srw/">
  <leader>00388nz  a2200133n  4500</leader>
  <controlfield tag="001">n  93056737 </controlfield>
  <controlfield tag="003">DLC</controlfield>
  <controlfield tag="005">19930615180510.6</controlfield>
  <controlfield tag="008">930615n| acannaab|          |a aaa |||  </controlfield>
  <datafield tag="010" ind1=" " ind2=" ">
    <subfield code="a">n  93056737 </subfield>
  </datafield>
  <datafield tag="040" ind1=" " ind2=" ">
    <subfield code="a">DLC</subfield>
    <subfield code="c">DLC</subfield>
  </datafield>
  <datafield tag="100" ind1="1" ind2="0">
    <subfield code="a">Sirtautas, V.</subfield>
    <subfield code="q">(Vytautas)</subfield>
  </datafield>
  <datafield tag="400" ind1="1" ind2="0">
    <subfield code="a">Sirtautas, Vytautas</subfield>
  </datafield>
  <datafield tag="670" ind1=" " ind2=" ">
    <subfield code="a">His LietuviuĚ¨ kalbos sintakseĚ, 1988:</subfield>
    <subfield code="b">t.p. (V. Sirtautas) colophon (Vytautas Sirtautas)</subfield>
  </datafield>
</record>